@book{autorGenerico,
    author       = {Sobrenome, Nome do Autor and Sobrenome, Outro Autor},
    title        = {Título do Livro: Subtítulo do Livro},
    year         = {2025},
    edition      = {2},
    publisher    = {Nome da Editora},
    location     = {Cidade, País},
    isbn         = {978-3-16-148410-0},
    series       = {Nome da Série},
    volume       = {12},
    number       = {5},
    note         = {Alguma observação relevante},
    url          = {https://www.exemplo.com/livro},
    urldate      = {2025-09-25},
    doi          = {10.1000/xyz123},
    editor       = {Sobrenome, Editor},
    translator   = {Sobrenome, Tradutor},
    howpublished = {Versão digital em PDF},
    pagetotal    = {350},
    language     = {portuguese}
}

@book{JamesStewart,
    author      = {James Stewart and Daniel Clegg and Saleem Watson},
    title       = {Cálculo},
    volume      = {2},
    edition     = {6},
    publisher   = {Cengage},
    year        = {2023},
    pagetotal   = {740},
    langid      = {portuguese},
    isbn        = {65-5558-402-5}
}

@book{halliday,
  author       = {David Halliday and Robert Resnick and Jearl Walker},
  title        = {Fundamentos de Física - Eletromagnetismo},
  volume       = {3},
  edition      = {12},
  publisher    = {LTC},
  year         = {2023},
  pagetotal    = {424},
  langid       = {portuguese}
}


